@article{louis1982finding,
  title={Finding the observed information matrix when using the {EM} algorithm},
  author={Louis, Thomas A},
  journal={Journal of the Royal Statistical Society: Series B (Methodological)},
  volume={44},
  number={2},
  pages={226--233},
  year={1982},
  publisher={Wiley Online Library}
}

@article{srivastava2014dropout,
  title={Dropout: a simple way to prevent neural networks from overfitting},
  author={Srivastava, Nitish and Hinton, Geoffrey and Krizhevsky, Alex and Sutskever, Ilya and Salakhutdinov, Ruslan},
  journal={The journal of machine learning research},
  volume={15},
  number={1},
  pages={1929--1958},
  year={2014},
  publisher={JMLR. org}
}

@inproceedings{wager2013dropout,
  title={Dropout training as adaptive regularization},
  author={Wager, Stefan and Wang, Sida and Liang, Percy S},
  booktitle={Advances in neural information processing systems},
  pages={351--359},
  year={2013}
}

@article{fithian2014optimal,
  title={Optimal inference after model selection},
  author={Fithian, William and Sun, Dennis and Taylor, Jonathan},
  journal={arXiv preprint arXiv:1410.2597},
  year={2014}
}

@article{Bates2022CrossVal,
  title={Cross-validation: what does it estimate and how well does it do it?},
  author={Bates, Stephen and Hastie, Trevor and Tibshirani, Robert},
  journal={arXiv preprint arXiv:2104.00673},
  year={2022}
}

@article{love2014moderated,
  title={Moderated estimation of fold change and dispersion for {RNA}-seq data with {DES}eq2},
  author={Love, Michael I and Huber, Wolfgang and Anders, Simon},
  journal={Genome biology},
  volume={15},
  number={12},
  pages={550},
  year={2014},
  publisher={Springer}
}

@article{GroupLasso2013Obozinski,
author = {Guillaume Obozinski and Martin J. Wainwright and Michael I. Jordan},
title = {{Support union recovery in high-dimensional multivariate regression}},
volume = {39},
journal = {The Annals of Statistics},
number = {1},
publisher = {Institute of Mathematical Statistics},
pages = {1 -- 47},
keywords = {block-norm, group lasso, high-dimensional scaling, Lasso, multivariate regression, second-order cone program, simultaneous Lasso, Sparsity, Variable selection},
year = {2011},
doi = {10.1214/09-AOS776},
URL = {https://doi.org/10.1214/09-AOS776}
}

@article{BarberGoF,
author = {Rina Foygel Barber and Lucas Janson},
title = {{Testing goodness-of-fit and conditional independence with approximate co-sufficient sampling}},
volume = {50},
journal = {The Annals of Statistics},
number = {5},
publisher = {Institute of Mathematical Statistics},
pages = {2514 -- 2544},
keywords = {approximate sufficiency, conditional independence testing, conditional randomization test, co-sufficiency, Goodness-of-fit test, high-dimensional inference, model-X},
year = {2022},
doi = {10.1214/22-AOS2187},
URL = {https://doi.org/10.1214/22-AOS2187}
}


@article{efron1996using,
  title={Using specially designed exponential families for density estimation},
  author={Efron, Bradley and Tibshirani, Robert},
  journal={The Annals of Statistics},
  volume={24},
  number={6},
  pages={2431--2461},
  year={1996},
  publisher={Institute of Mathematical Statistics}
}

@book{hastie2009elements,
  title={The elements of statistical learning: data mining, inference, and prediction},
  author={Hastie, Trevor and Tibshirani, Robert and Friedman, Jerome},
  year={2009},
  publisher={Springer Science \& Business Media}
}

@book{millerCasebook,
  title={Biostatistics Case Book, Volume One},
  author={R. G. Miller and B. Efron and B. W. Brown and L. E. Moses},
  year={1976},
  publisher={Wiley},
  url = {https://statistics.stanford.edu/technical-reports/biostatistics-case-book-volume-one}
}

@article{mooij2016distinguishing,
  title={Distinguishing cause from effect using observational data: methods and benchmarks},
  author={Mooij, Joris M and Peters, Jonas and Janzing, Dominik and Zscheischler, Jakob and Sch{\"o}lkopf, Bernhard},
  journal={The Journal of Machine Learning Research},
  volume={17},
  number={1},
  pages={1103--1204},
  year={2016},
  publisher={JMLR. org}
}

@article{she2011outlier,
  title={Outlier detection using nonconvex penalized regression},
  author={She, Yiyuan and Owen, Art B},
  journal={Journal of the American Statistical Association},
  volume={106},
  number={494},
  pages={626--639},
  year={2011},
  publisher={Taylor \& Francis}
}

@book{efron2016computer,
  title={Computer age statistical inference},
  author={Efron, Bradley and Hastie, Trevor},
  volume={5},
  year={2016},
  publisher={Cambridge University Press}
}


@article{lee2015learning,
  title={Learning the structure of mixed graphical models},
  author={Lee, Jason D and Hastie, Trevor J},
  journal={Journal of Computational and Graphical Statistics},
  volume={24},
  number={1},
  pages={230--253},
  year={2015},
  publisher={Taylor \& Francis}
}

@book{rossi2005bayesian,
  title={Bayesian statistics and marketing},
  author={Rossi, Peter E and Allenby, Greg M and McCulloch, Rob},
  year={2005},
  publisher={John Wiley \& Sons}
}

@article{albert1993bayesian,
  title={{B}ayesian analysis of binary and polychotomous response data},
  author={Albert, James H and Chib, Siddhartha},
  journal={Journal of the American statistical Association},
  volume={88},
  number={422},
  pages={669--679},
  year={1993},
  publisher={Taylor \& Francis Group}
}


@article{polson2013bayesian,
  title={{B}ayesian inference for logistic models using {P}{\'o}lya--{G}amma latent variables},
  author={Polson, Nicholas G and Scott, James G and Windle, Jesse},
  journal={Journal of the American statistical Association},
  volume={108},
  number={504},
  pages={1339--1349},
  year={2013},
  publisher={Taylor \& Francis}
}


@article{blanchard2010semi,
  title={Semi-supervised novelty detection},
  author={Blanchard, Gilles and Lee, Gyemin and Scott, Clayton},
  journal={The Journal of Machine Learning Research},
  volume={11},
  pages={2973--3009},
  year={2010},
  publisher={JMLR. org}
}


@book{agresti2013categorical,
  title={Categorical Data Analysis},
  author={Agresti, Alan},
  year={2013},
  publisher={John Wiley \& Sons}
}


@article{van2015lecture,
  title={Lecture notes on ridge regression},
  author={van Wieringen, Wessel N},
  journal={arXiv preprint arXiv:1509.09169},
  year={2015}
}


@article{efron2016empirical,
  title={Empirical {B}ayes deconvolution estimates},
  author={Efron, Bradley},
  journal={Biometrika},
  volume={103},
  number={1},
  pages={1--20},
  year={2016},
  publisher={Oxford University Press}
}

@article{meng1993maximum,
  title={Maximum likelihood estimation via the ECM algorithm: A general framework},
  author={Meng, Xiao-Li and Rubin, Donald B},
  journal={Biometrika},
  volume={80},
  number={2},
  pages={267--278},
  year={1993},
  publisher={Oxford University Press}
}

@article{hao2017simultaneous,
  title={Simultaneous clustering and estimation of heterogeneous graphical models},
  author={Hao, Botao and Sun, Will Wei and Liu, Yufeng and Cheng, Guang},
  journal={The Journal of Machine Learning Research},
  volume={18},
  number={1},
  pages={7981--8038},
  year={2017},
  publisher={JMLR. org}
}

@article{gao2016estimation,
  title={Estimation of multiple networks in gaussian mixture models},
  author={Gao, Chen and Zhu, Yunzhang and Shen, Xiaotong and Pan, Wei},
  journal={Electronic journal of statistics},
  volume={10},
  pages={1133},
  year={2016},
  publisher={NIH Public Access}
}

@article{anders2010differential,
  title={Differential expression analysis for sequence count data},
  author={Anders, Simon and Huber, Wolfgang},
  journal={Genome Biology},
  volume={11},
  number={10},
  pages={R106},
  year={2010},
  publisher={Springer}
}

@article{lounici2014high,
  title={High-dimensional covariance matrix estimation with missing observations},
  author={Lounici, Karim},
  journal={Bernoulli},
  volume={20},
  number={3},
  pages={1029--1058},
  year={2014},
  publisher={Bernoulli Society for Mathematical Statistics and Probability}
}

@article{witten2009penalized,
  title={A penalized matrix decomposition, with applications to sparse principal components and canonical correlation analysis},
  author={Witten, Daniela M and Tibshirani, Robert and Hastie, Trevor},
  journal={Biostatistics},
  volume={10},
  number={3},
  pages={515--534},
  year={2009},
  publisher={Oxford University Press}
}

@article{zhao2019multiple,
  title={Multiple testing when many p-values are uniformly conservative, with application to testing qualitative interaction in educational interventions},
  author={Zhao, Qingyuan and Small, Dylan S and Su, Weijie},
  journal={Journal of the American Statistical Association},
  volume={114},
  number={527},
  pages={1291--1304},
  year={2019},
  publisher={Taylor \& Francis}
}

@article{simon2013estimating,
  title={On estimating many means, selection bias, and the bootstrap},
  author={Simon, Noah and Simon, Richard},
  journal={arXiv preprint arXiv:1311.3709},
  year={2013}
}

@article{reid2017post,
  title={Post-selection point and interval estimation of signal sizes in Gaussian samples},
  author={Reid, Stephen and Taylor, Jonathan and Tibshirani, Robert},
  journal={Canadian Journal of Statistics},
  volume={45},
  number={2},
  pages={128--148},
  year={2017},
  publisher={Wiley Online Library}
}

@article{lee2016exact,
  title={Exact post-selection inference, with application to the lasso},
  author={Lee, Jason D and Sun, Dennis L and Sun, Yuekai and Taylor, Jonathan E and others},
  journal={The Annals of Statistics},
  volume={44},
  number={3},
  pages={907--927},
  year={2016},
  publisher={Institute of Mathematical Statistics}
}

@article{morrison2018rank,
  title={Rank Conditional Coverage and Confidence Intervals in High-Dimensional Problems},
  author={Morrison, Jean and Simon, Noah},
  journal={Journal of Computational and Graphical Statistics},
  volume={27},
  number={3},
  pages={648--656},
  year={2018},
  publisher={Taylor \& Francis}
}

@inproceedings{lee2014exact,
  title={Exact post model selection inference for marginal screening},
  author={Lee, Jason D and Taylor, Jonathan E},
  booktitle={Advances in neural information processing systems},
  pages={136--144},
  year={2014}
}

@article{efron2011tweedie,
  title={Tweedie’s formula and selection bias},
  author={Efron, Bradley},
  journal={Journal of the American Statistical Association},
  volume={106},
  number={496},
  pages={1602--1614},
  year={2011},
  publisher={Taylor \& Francis}
}

@article{efron79,
author = {B. Efron},
title = {{Bootstrap Methods: Another Look at the Jackknife}},
volume = {7},
journal = {The Annals of Statistics},
number = {1},
publisher = {Institute of Mathematical Statistics},
pages = {1 -- 26},
keywords = {bootstrap, discriminant analysis, error rate estimation, jackknife, Nonlinear regression, nonparametric variance estimation, Resampling, subsample values},
year = {1979},
doi = {10.1214/aos/1176344552},
URL = {https://doi.org/10.1214/aos/1176344552}
}

@article{benjamini2014selective,
  title={Selective Correlations-the conditional estimators},
  author={Benjamini, Yoav and Meir, Amit},
  journal={arXiv preprint arXiv:1412.3242},
  year={2014}
}

@article{weinstein2013selection,
  title={Selection adjusted confidence intervals with more power to determine the sign},
  author={Weinstein, Asaf and Fithian, William and Benjamini, Yoav},
  journal={Journal of the American Statistical Association},
  volume={108},
  number={501},
  pages={165--176},
  year={2013},
  publisher={Taylor \& Francis}
}

@article{gao2016estimationMixed,
  title={Estimation and inference for very large linear mixed effects models},
  author={Gao, Katelyn and Owen, Art B},
  journal={arXiv preprint arXiv:1610.08088},
  year={2016}
}

@article{ghosh2020backfitting,
  title={Backfitting for large scale crossed random effects regressions},
  author={Ghosh, Swarnadip and Hastie, Trevor and Owen, Art B},
  journal={arXiv preprint arXiv:2007.10612},
  year={2020}
}

@article{zhou2012genome,
  title={Genome-wide efficient mixed-model analysis for association studies},
  author={Zhou, Xiang and Stephens, Matthew},
  journal={Nature genetics},
  volume={44},
  number={7},
  pages={821--824},
  year={2012},
  publisher={Nature Publishing Group}
}

@article{mattei2016regression,
  title={Regression discontinuity designs as local randomized experiments},
  author={Mattei, Alessandra and Mealli, Fabrizia},
  journal={Observational Studies},
  volume={2},
  pages={156--173},
  year={2016}
}

@article{hastie2004efficient,
  title={Efficient quadratic regularization for expression arrays},
  author={Hastie, Trevor and Tibshirani, Robert},
  journal={Biostatistics},
  volume={5},
  number={3},
  pages={329--340},
  year={2004},
  publisher={Oxford University Press}
}



@article{diaconis1985,
  title={Quantifying Prior Opinion},
  author={Diaconis, Persi and Ylvisaker, Donald},
  journal={Bayesian Statistics 2. Proc. 2nd Valencia Int'l Meeting, 9-83. J. M. Bernardo, M. H. Degroot, D. V. Lindley, A. F. M. Smith (eds.) North-Holland, Amsterdam},
  volume={15},
  number={12},
  pages={133-156},
  year={1985},
}

@article{behboodian1970modes,
  title={On the modes of a mixture of two normal distributions},
  author={Behboodian, Javad},
  journal={Technometrics},
  volume={12},
  number={1},
  pages={131--139},
  year={1970},
  publisher={Taylor \& Francis}
}


@article{augugliaro2020,
  title={$\ell$1-Penalized censored {G}aussian graphical model},
  author={Augugliaro, Luigi and Abbruzzo, Antonino and Vinciotti, Veronica},
  journal={Biostatistics},
  volume={21},
  number={2},
  pages={e1--e16},
  year={2020},
  publisher={Oxford University Press}
}


@article{lee2012algorithms,
  title={{EM} algorithms for multivariate {G}aussian mixture models with truncated and censored data},
  author={Lee, Gyemin and Scott, Clayton},
  journal={Computational Statistics \& Data Analysis},
  volume={56},
  number={9},
  pages={2816--2829},
  year={2012},
  publisher={Elsevier}
}

@article{tallis1961moment,
  title={The moment generating function of the truncated multi-normal distribution},
  author={Tallis, Georges M},
  journal={Journal of the Royal Statistical Society: Series B (Methodological)},
  volume={23},
  number={1},
  pages={223--229},
  year={1961},
  publisher={Wiley Online Library}
}

@book{Mardia1979,
  added-at = {2013-09-29T14:16:50.000+0200},
  author = {Mardia, K V and Bibby, J M and Kent, J T},
  biburl = {https://www.bibsonomy.org/bibtex/2fc2c4c32a65f9facd67ff3ed168e4242/guillem.palou},
  interhash = {e6ebd4e180d39716c8f71e86b9d0af4d},
  intrahash = {fc2c4c32a65f9facd67ff3ed168e4242},
  isbn = {0124712509 0124712525 0124712525},
  keywords = {imported},
  pages = {xv, 521 p. :},
  timestamp = {2013-09-29T14:16:50.000+0200},
  title = {{Multivariate analysis}},
  type = {Book},
  url = {http://www.loc.gov/catdir/toc/els031/79040922.html},
  year = 1979
}

@article{Zou2006SparsePCA,
 ISSN = {10618600},
 URL = {http://www.jstor.org/stable/27594179},
  author = {Hui Zou and Trevor Hastie and Robert Tibshirani},
 journal = {Journal of Computational and Graphical Statistics},
 number = {2},
 pages = {265--286},
 publisher = {[American Statistical Association, Taylor & Francis, Ltd., Institute of Mathematical Statistics, Interface Foundation of America]},
 title = {Sparse Principal Component Analysis},
 urldate = {2022-07-05},
 volume = {15},
 year = {2006}
}


@article{Jolliffe2003,
 ISSN = {10618600},
 URL = {http://www.jstor.org/stable/1391037},
 abstract = {In many multivariate statistical techniques, a set of linear functions of the original p variables is produced. One of the more difficult aspects of these techniques is the interpretation of the linear functions, as these functions usually have nonzero coefficients on all p variables. A common approach is to effectively ignore (treat as zero) any coefficients less than some threshold value, so that the function becomes simple and the interpretation becomes easier for the users. Such a procedure can be misleading. There are alternatives to principal component analysis which restrict the coefficients to a smaller number of possible values in the derivation of the linear functions, or replace the principal components by "principal variables." This article introduces a new technique, borrowing an idea proposed by Tibshirani in the context of multiple regression where similar problems arise in interpreting regression equations. This approach is the so-called LASSO, the "least absolute shrinkage and selection operator," in which a bound is introduced on the sum of the absolute values of the coefficients, and in which some coefficients consequently become zero. We explore some of the properties of the new technique, both theoretically and using simulation studies, and apply it to an example.},
 author = {Ian T. Jolliffe and Nickolay T. Trendafilov and Mudassir Uddin},
 journal = {Journal of Computational and Graphical Statistics},
 number = {3},
 pages = {531--547},
 publisher = {[American Statistical Association, Taylor & Francis, Ltd., Institute of Mathematical Statistics, Interface Foundation of America]},
 title = {A Modified Principal Component Technique Based on the LASSO},
 urldate = {2022-07-05},
 volume = {12},
 year = {2003}
}


@ARTICLE{ZouSparcePCAReview,
  author={Zou, Hui and Xue, Lingzhou},
  journal={Proceedings of the IEEE}, 
  title={A Selective Overview of Sparse Principal Component Analysis}, 
  year={2018},
  volume={106},
  number={8},
  pages={1311-1320},
  doi={10.1109/JPROC.2018.2846588}}
  
  @inbook{davison_hinkley_1997, place={Cambridge}, series={Cambridge Series in Statistical and Probabilistic Mathematics}, title={Further Ideas}, DOI={10.1017/CBO9780511802843.004}, booktitle={Bootstrap Methods and their Application}, publisher={Cambridge University Press}, author={Davison, A. C. and Hinkley, D. V.}, year={1997}, pages={70–135}, collection={Cambridge Series in Statistical and Probabilistic Mathematics}}

@ARTICLE{ZouSparcePCAReview,
  author={Zou, Hui and Xue, Lingzhou},
  journal={Proceedings of the IEEE}, 
  title={A Selective Overview of Sparse Principal Component Analysis}, 
  year={2018},
  volume={106},
  number={8},
  pages={1311-1320},
  doi={10.1109/JPROC.2018.2846588}}
  
@article{rohrer_arslan_interactions,
  author = {Julia M. Rohrer and Ruben C. Arslan},
  title ={Precise Answers to Vague Questions: Issues With Interactions},
  journal = {Advances in Methods and Practices in Psychological Science},
  volume = {4},
  number = {2},
  pages = {25152459211007368},
  year = {2021},
  doi = {10.1177/25152459211007368},

  URL = { 
          https://doi.org/10.1177/25152459211007368
      
  },
  eprint = { 
          https://doi.org/10.1177/25152459211007368
      
  }}

@article{DiCiccioBootstrap,
author = {Thomas J. DiCiccio and Bradley Efron},
title = {{Bootstrap confidence intervals}},
volume = {11},
journal = {Statistical Science},
number = {3},
publisher = {Institute of Mathematical Statistics},
pages = {189 -- 228},
keywords = {$BC_a$ and ABC methods, Bootstrap-$t$, Calibration, second-order accuracy},
year = {1996},
doi = {10.1214/ss/1032280214},
URL = {https://doi.org/10.1214/ss/1032280214}
}


